=LDR  00587cam a2200193 c 4500
=001  990222632764702202
=005  20230308122308.0
=007  cr||||||||||||
=007  ta
=008  150211s2002\\\\no#||||j\|||||000|1|nob|\
=020  \\$a8202221676$qib.$cNkr 199.00
=041  1\$hnob
=080  \\$a839.6
=082  74$a839.823$qNO-OsNB$24/nor
=100  1\$aRenberg, Tore$d1972-$1http://viaf.org/viaf/34565761$4aut$4http://rdaregistry.info/Elements/w/object/P10061
=240  10$aTrillefolket :$bhva hendte med Kjartan?$1https://viaf/34565761/Trillefolket/Kjartan
=245  10$aTrillefolket :$bhva hendte med Kjartan?$cTore Renberg ; tegninger av Per Dybvig
=260  \\$a[Oslo]$bCappelen$c2002
=300  \\$a91 s.$bill.
=336  \\$atext$2rdacontent$0http://rdaregistry.info/termList/RDAContentType/1020
=337  \\$aunmediated$2rdamedia$0http://rdaregistry.info/termList/RDAMediaType/1007
=338  \\$avolume$2rdacarrier$0http://rdaregistry.info/termList/RDACarrierType/1049
=700  1\$aDybvig, Per$d1964-$1http://viaf.org/viaf/10543719$4ill$4http://www.rdaregistry.info/Elements/w/object/P10058

