=LDR  00645cam a2200229 c 4500
=001  990603011124702202
=005  20230531160100.0
=007  cr||||||||||||
=007  ta
=008  150112s2006\\\\no#|||||\|||||000|f|nob|\
=020  \\$a8249503856$qh.$cNkr 99.00
=020  \\$a9788249503858$qh.
=080  \\$a839.6
=082  74$a839.823$qNO-OsNB$25/nor
=100  1\$aRenberg, Tore$d1972-$1http://viaf.org/viaf/34565761$4aut$4http://rdaregistry.info/Elements/w/object/P10002
=240  10$aKompani Orheim$1http://viaf.org/viaf/9937151965272000470001
=245  10$aKompani Orheim :$broman$cTore Renberg
=260  \\$aOslo$bOktober$c2006
=300  \\$a460 s.
=336  \\$atext$2rdacontent$0http://rdaregistry.info/termList/RDAContentType/1020
=337  \\$aunmediated$2rdamedia$0http://rdaregistry.info/termList/RDAMediaType/1007
=338  \\$avolume$2rdacarrier$0http://rdaregistry.info/termList/RDACarrierType/1049
=490  1\$aOktober pocket
=500  \\$a1. utg. 2005
=500  \\$aOpplagshistorikk:  Oktober pocket, 4. oppl. 2007
=830  \0$aOktober pocket

