=LDR  00640cam a2200205 c 4500
=001  990605180224702202
=005  20230531160347.0
=007  ta
=008  130424s2005\\\\xx#|||||||||||000|f|swe|\
=020  \\$a9170013160$qh.
=041  1\$hnob
=082  74$a839.823$qNO-OsNB$25/nor
=100  1\$aRenberg, Tore$d1972-$1http://viaf.org/viaf/34565761$4aut$4http://rdaregistry.info/Elements/w/object/P10002 
=240  10$aMannen som elsket Yngve$1http://viaf.org/viaf/5930152502773210800007
=245  10$aMannen som älskade Yngve$cTore Renberg ; översättning av Peter Törnqvist
=246  1\$aMannen som elsket Yngve$iOriginaltittel
=260  \\$a[Stockholm]$bMånpocket$c2005
=300  \\$a393 s.
=336  \\$atext$2rdacontent$0http://rdaregistry.info/termList/RDAContentType/1020
=337  \\$aunmediated$2rdamedia$0http://rdaregistry.info/termList/RDAMediaType/1007
=338  \\$avolume$2rdacarrier$0http://rdaregistry.info/termList/RDACarrierType/1049
=490  1\$aMånpocket
=700  1\$aTörnqvist, Peter$d1963-$1http://viaf.org/viaf/133302399$4trl$4http://rdaregistry.info/Elements/e/object/P20037
=830  \0$aMånpocket

