=LDR  01345cjm a2200253 c 4500
=001  990607703174702202
=005  20171108160722.0
=007  sd\f||||||||||
=008  140516s2006\\\\no#||||\||||||||||||nob|\
=028  03$aK 20
=100  1\$aStavanger enegri$1http://viaf.org/viaf/140149294366780522217$4http://rdaregistry.info/Elements/e/P20435 
=110  2\$aStavanger energi (musikkgruppe)
=240  04$aDet amerikanske valget$1http://viaf.org/viaf/34565761/Det/amerikanske/valget 
=245  10$aDet amerikanske valget$c[musikk og tekster [hovedsakelig]: Tore Renberg]$h[lydopptak]
=260  \\$aStavanger$bKippers$c2006
=300  \\$a1 plate (CD) (47 min)$bdigital$c12 cm
=336  \\$aperformed music$2rdacontent$0http://rdaregistry.info/termList/RDAContentType/1011
=337  \\$aaudio$2rdamedia$0http://rdaregistry.info/termList/RDAMediaType/1001
=338  \\$acompact disc$2rdacarrier$0http://rdaregistry.info/termList/RDACarrierType/1013
=500  \\$aInnspilt: Randaberg : Out of Tune(s) Studio, 2005
=500  \\$aKippers: K 20
=500  \\$aStavanger energi (Tore Renberg, sang, melodika, elpiano, fiolin, perkusjon; Børre Jacobsen, elgitar, sang; Kristian Fjermestad, elbass; Jørgen Jørgensen, synthesizer; Tore Jacobsen, trommer). Produsert av Eirik Lye, Tore Renberg og Børre Jacobsen
=700  1\$aFjermestad, Kristian,$eutøver$eelbass$1http://viaf.org/viaf/153149294274480521324$4http://rdaregistry.info/Elements/e/object/P20020 
=700  1\$aJacobsen, Børre$d1974-$eutøver$eelgitar$eprodusent$1http://viaf.org/viaf/211149294446580522849$4http://rdaregistry.info/Elements/e/object/P20020
=700  1\$aJacobsen, Tore$eutøver$etrommer$1http://viaf.org/viaf/410149294085080520515$4http://rdaregistry.info/Elements/e/object/P20020
=700  1\$aJørgensen, Jørgen,$eutøver$esynthesizer$1http://viaf.org/viaf/78957214$4http://rdaregistry.info/Elements/e/object/P20020
=700  1\$aLye, Eirik$d1976-$eutøver$eprodusent$1http://viaf.org/viaf/51145970335632252661$4http://rdaregistry.info/Elements/w/object/P10304
=700  1\$aRenberg, Tore$d1972-$eutøver$esang$eprodusent$1http://viaf.org/viaf/34565761$4http://rdaregistry.info/Elements/e/object/P20025
=710  2\$aStavanger energi (musikkgruppe)

